--- COMMENTS may be placed outside the @ENTRYTYPE{ ... } stuctures
--- CMS guidelines
---- All URLs for CMS notes, ANs, etc, should refer to the CDS server, not the CMS server. Use our standard format for them, as shown below.
---- If a collaboration is referenced by the collaboration name, it should be listed in the AUTHOR field. If by a first author + "and others", the collaboration name must be listed in the COLLABORATION field.
----   We use the collaboration in preference to the author field, but most journals will list both.
---- Use only the URL field instead of embedding an href (this is a change in our practice).
---- A reference only published on the arXiv should be listed as UNPUBLISHED (with a note "Submitted to XXX" for CMS papers).
---- Some journals will lowercase the title: use {} to protect words which must be capitalized, e.g., {LHC}, {TeV}, {CERN}, {CMS}. Do not escape the entire title as it will then clash with the journal style.


@book{Bayatian:922757,
      author    = "Chatrchyan, S. and others",
      title         = "{CMS Physics: Technical Design Report Volume 1: Detector
                       Performance and Software}",
      publisher     = "CERN",
      collaboration = "CMS Collaboration",
      address       = "Geneva",
      series        = "Technical Design Report CMS",
      year          = "2006",
      note          = "There is an error on cover due to a technical problem for
                       some items",
}



@article{Chatrchyan:2014koa,
      author         = "Chatrchyan, Serguei and others",
      title          = "{Search for W' $\to $ tb decays in the lepton + jets
                        final state in pp collisions at $\sqrt{s}$ = 8 TeV}",
      collaboration  = "CMS",
      journal        = "JHEP",
      volume         = "1405",
      pages          = "108",
      doi            = "10.1007/JHEP05(2014)108",
      year           = "2014",
      eprint         = "1402.2176",
      archivePrefix  = "arXiv",
      primaryClass   = "hep-ex",
      reportNumber   = "CMS-B2G-12-010, CERN-PH-EP-2014-011",
      SLACcitation   = "%%CITATION = ARXIV:1402.2176;%%",
}
@Article{Cacciari:2008gp,
     AUTHOR    = "Cacciari, Matteo and Salam, Gavin P. and Soyez, Gregory",
     TITLE     = "The anti-$k_t$ jet clustering algorithm",
     JOURNAL   = "JHEP",
     VOLUME    = "04",
     YEAR      = "2008",
     PAGES     = "063",
     doi       = "10.1088/1126-6708/2008/04/063",
     eprint         = "0802.1189",
     archivePrefix  = "arXiv",
     primaryClass   = "hep-ex",
}
@TECHREPORT{CMS-PAS-PFT-09-001,
      AUTHOR      = "{CMS Collaboration}",
      COLLABORATION = "CMS",
      TITLE       = "Particle--Flow Event Reconstruction in {CMS} and Performance for Jets, Taus, and {\MET}",
      URL         = "http://cdsweb.cern.ch/record/1194487",
      TYPE        = "CMS Physics Analysis Summary",
      NUMBER      = "CMS-PAS-PFT-09-001",
      YEAR        = "2009"
}
@article{Aad:2012dm,
      author         = "Aad, Georges and others",
      title          = "{ATLAS search for a heavy gauge boson decaying to a
                        charged lepton and a neutrino in $pp$ collisions at
                        $\sqrt{s}=7$ TeV}",
      collaboration  = "ATLAS",
      journal        = "Eur.Phys.J.",
      volume         = "C72",
      pages          = "2241",
      doi            = "10.1140/epjc/s10052-012-2241-5",
      year           = "2012",
      eprint         = "1209.4446",
      archivePrefix  = "arXiv",
      primaryClass   = "hep-ex",
      reportNumber   = "CERN-PH-EP-2012-245",
      SLACcitation   = "%%CITATION = ARXIV:1209.4446;%%",
}
@article{Aad:2013wxa,
      author         = "Aad, Georges and others",
      title          = "{Search for resonant diboson production in the
                        WW/WZâ†’â„“Î½jj decay channels with the ATLAS detector at
                        $\sqrt{s}$ = 7â€‰â€‰TeV}",
      collaboration  = "ATLAS",
      journal        = "Phys.Rev.",
      number         = "11",
      volume         = "D87",
      pages          = "112006",
      doi            = "10.1103/PhysRevD.87.112006",
      year           = "2013",
      eprint         = "1305.0125",
      archivePrefix  = "arXiv",
      primaryClass   = "hep-ex",
      reportNumber   = "CERN-PH-EP-2012-296",
      SLACcitation   = "%%CITATION = ARXIV:1305.0125;%%",
}

HEP :: Search ::  Help ::  Terms of use ::  Privacy policy
Powered by Invenio v1.1.2+
Problems/Questions to feedback@inspirehep.net

@article{ATLAS:2012pu,
      author         = "Aad, Georges and others",
      title          = "{ATLAS search for new phenomena in dijet mass and angular
                        distributions using $pp$ collisions at $\sqrt{s}=7$ TeV}",
      collaboration  = "ATLAS",
      journal        = "JHEP",
      volume         = "1301",
      pages          = "029",
      doi            = "10.1007/JHEP01(2013)029",
      year           = "2013",
      eprint         = "1210.1718",
      archivePrefix  = "arXiv",
      primaryClass   = "hep-ex",
      reportNumber   = "CERN-PH-EP-2012-257",
      SLACcitation   = "%%CITATION = ARXIV:1210.1718;%%",
}
@article{Cacciari:2011ma,
      author         = "Cacciari, Matteo and Salam, Gavin P. and Soyez, Gregory",
      title          = "{FastJet User Manual}",
      journal        = "Eur. Phys. J. C,
      volume         = "72",
      pages          = "1896",
      doi            = "10.1140/epjc/s10052-012-1896-2",
      year           = "2012",
      eprint         = "1111.6097",
      archivePrefix  = "arXiv",
      primaryClass   = "hep-ph",
      reportNumber   = "CERN-PH-TH-2011-297",
      SLACcitation   = "%%CITATION = ARXIV:1111.6097;%%",
}


@Article{Chatrchyan:2008zzk,
     author    = "Chatrchyan, S. and others",
     collaboration = "CMS",
     title     = "The {CMS} experiment at the {CERN} {LHC}",
     journal   = "JINST",
     volume    = "3",
     year      = "2008",
     pages     = "S08004",
     doi       = "10.1088/1748-0221/3/08/S08004"
}
@article{Chatrchyan:2013dga,
      author         = "Chatrchyan, Serguei and others",
      title          = "{Energy calibration and resolution of the CMS
                        electromagnetic calorimeter in pp collisions at
                         $\sqrt{s}$ = 7 TeV}",
      collaboration  = "CMS",
      year           = "2013",
      journal        = "JINST",
      volume         = "8",
      pages          = "P09009",
      eprint         = "1306.2016",
      doi  =  "10.1088/1748-0221/8/09/P09009",
      archivePrefix  = "arXiv",
      primaryClass   = "hep-ex",
      reportNumber   = "CMS-EGM-11-001, CERN-PH-EP-2013-097",
      SLACcitation   = "%%CITATION = ARXIV:1306.2016;%%",
}

@article{Vecchi:2013bja,
      author         = "Vecchi, Luca",
      title          = "{The Natural Composite Higgs}",
      year           = "2013",
      eprint         = "1304.4579",
      archivePrefix  = "arXiv",
      primaryClass   = "hep-ph",
      SLACcitation   = "%%CITATION = ARXIV:1304.4579;%%",
}

@article{Chivukula:1995gu,
      author         = "Chivukula, R.S. and Simmons, Elizabeth H. and Terning,
                        J.",
      title          = "{Limits on noncommuting extended technicolor}",
      journal        = "Phys.Rev.",
      volume         = "D53",
      pages          = "5258-5267",
      doi            = "10.1103/PhysRevD.53.5258",
      year           = "1996",
      eprint         = "hep-ph/9506427",
      archivePrefix  = "arXiv",
      primaryClass   = "hep-ph",
      reportNumber   = "BUHEP-95-19",
      SLACcitation   = "%%CITATION = HEP-PH/9506427;%%",
}

@Article{Bennett:2003ba,
 author        = "C. L. Bennett and others",
 collaboration = "WMAP",
 title         = "The Microwave Anisotropy Probe (MAP) Mission",
 journal       = "Astrophys. J.",
 volume        = "583",
 pages         = "1",
 year          = "2003",
 eprint        = "astro-ph/0301158",
 archivePrefix = "arXiv",
}

@article{An:2012eh,
      author         = "An, F.P. and others",
      title          = "{Observation of electron-antineutrino disappearance at
                        Daya Bay}",
      collaboration  = "DAYA-BAY",
      journal        = "Phys.Rev.Lett.",
      volume         = "108",
      pages          = "171803",
      doi            = "10.1103/PhysRevLett.108.171803",
      year           = "2012",
      eprint         = "1203.1669",
      archivePrefix  = "arXiv",
      primaryClass   = "hep-ex",
      SLACcitation   = "%%CITATION = ARXIV:1203.1669;%%",
}

@article{PhysRevLett.100.211803,
  title = {Search for W' Boson Resonances Decaying to a Top Quark and a Bottom Quark},
  author = "{D0 Collaboration}",
  journal = {Phys. Rev. Lett.},
  volume = {100},
  issue = {21},
  pages = {211803},
  numpages = {7},
  year = {2008},
  month = {May},
  doi = {10.1103/PhysRevLett.100.211803},
  url = {http://link.aps.org/doi/10.1103/PhysRevLett.100.211803},
  publisher = {American Physical Society}
}

@article{Czakon:2013goa,
      author         = "Czakon, MichaÅ and Fiedler, Paul and Mitov, Alexander",
      title          = "{Total Top-Quark Pair-Production Cross Section at Hadron
                        Colliders Through $O(Î±\frac{4}{S})$}",
      journal        = "Phys.Rev.Lett.",
      number         = "25",
      volume         = "110",
      pages          = "252004",
      doi            = "10.1103/PhysRevLett.110.252004",
      year           = "2013",
      eprint         = "1303.6254",
      archivePrefix  = "arXiv",
      primaryClass   = "hep-ph",
      reportNumber   = "CERN-PH-TH-2013-056, TTK-13-08",
      SLACcitation   = "%%CITATION = ARXIV:1303.6254;%%",
}

@article{Kidonakis:2012db,
      author         = "Kidonakis, Nikolaos",
      title          = "{Differential and total cross sections for top pair and
                        single top production}",
      pages          = "831-834",
      doi            = "10.3204/DESY-PROC-2012-02/251",
      year           = "2012",
      eprint         = "1205.3453",
      archivePrefix  = "arXiv",
      primaryClass   = "hep-ph",
      SLACcitation   = "%%CITATION = ARXIV:1205.3453;%%",
}

@article{Abazov2011145,

      author         = "Abazov, Victor Mukhamedovich and others",
      title          = "{Search for $W{^\prime}\rightarrow tb$ resonances with
                        left- and right-handed couplings to fermions}",
      collaboration  = "D0",
      journal        = "Phys.Lett.",
      volume         = "B699",
      pages          = "145-150",
      doi            = "10.1016/j.physletb.2011.03.066",
      year           = "2011",
      eprint         = "1101.0806",
      archivePrefix  = "arXiv",
      primaryClass   = "hep-ex",
      reportNumber   = "FERMILAB-PUB-11-004-E",
      SLACcitation   = "%%CITATION = ARXIV:1101.0806;%%",
}
@article{Khachatryan:2014xja,
      author         = "Khachatryan, Vardan and others",
      title          = "{Search for new resonances decaying via WZ to leptons in
                        proton-proton collisions at $\sqrt{s}$=8 TeV}",
      collaboration  = "CMS",
      year           = "2014",
      eprint         = "1407.3476",
      archivePrefix  = "arXiv",
      primaryClass   = "hep-ex",
      reportNumber   = "CMS-EXO-12-025, CERN-PH-EP-2014-160",
      SLACcitation   = "%%CITATION = ARXIV:1407.3476;%%",
}
@article{Chatrchyan:2012meb,
      author         = "Chatrchyan, Serguei and others",
      title          = "{Search for leptonic decays of $W$ ' bosons in $pp$
                        collisions at $\sqrt{s}=7$ TeV}",
      collaboration  = "CMS Collaboration",
      journal        = "JHEP",
      volume         = "1208",
      pages          = "023",
      doi            = "10.1007/JHEP08(2012)023",
      year           = "2012",
      eprint         = "1204.4764",
      archivePrefix  = "arXiv",
      primaryClass   = "hep-ex",
      reportNumber   = "CMS-EXO-11-024, CERN-PH-EP-2012-103",
      SLACcitation   = "%%CITATION = ARXIV:1204.4764;%%",
}
@techreport{CMS-PAS-EXO-12-025,
      title         = "{Search for W'/technirho in WZ using leptonic final
                       states}",
      institution   = "CERN",
      collaboration = "CMS",
      address       = "Geneva",
      number        = "CMS-PAS-EXO-12-025",
      year          = "2013",
}

@article{Chatrchyan:2014koa,
      author         = "Chatrchyan, Serguei and others",
      title          = "{Search for W' $\to $ tb decays in the lepton + jets
                        final state in pp collisions at $\sqrt{s}$ = 8 TeV}",
      collaboration  = "CMS",
      journal        = "JHEP",
      volume         = "1405",
      pages          = "108",
      doi            = "10.1007/JHEP05(2014)108",
      year           = "2014",
      eprint         = "1402.2176",
      archivePrefix  = "arXiv",
      primaryClass   = "hep-ex",
      reportNumber   = "CMS-B2G-12-010, CERN-PH-EP-2014-011",
      SLACcitation   = "%%CITATION = ARXIV:1402.2176;%%",
}

@article{Khachatryan:2014tva,
      author         = "Khachatryan, Vardan and others",
      title          = "{Search for physics beyond the standard model in final
                        states with a lepton and missing transverse energy in
                        proton-proton collisions at $\sqrt{s}$ = 8 TeV}",
      collaboration  = "CMS",
      year           = "2014",
      eprint         = "1408.2745",
      archivePrefix  = "arXiv",
      primaryClass   = "hep-ex",
      reportNumber   = "CMS-EXO-12-060, CERN-PH-EP-2014-176",
      SLACcitation   = "%%CITATION = ARXIV:1408.2745;%%",
}

@article{doi:10.1146/annurev.nucl.55.090704.151502,
author = {Schmaltz, Martin and Tucker-Smith, David},
title = {Little Higgs Theories},
journal = {Annual Review of Nuclear and Particle Science},
volume = {55},
number = {1},
pages = {229-270},
year = {2005},
doi = {10.1146/annurev.nucl.55.090704.151502},
}

@article{PhysRevD.64.035002,
  title = {Bounds on universal extra dimensions},
  author = {Appelquist, Thomas and Cheng, Hsin-Chia and Dobrescu, Bogdan A.},
  journal = {Phys. Rev. D},
  volume = {64},
  issue = {3},
  pages = {035002},
  numpages = {10},
  year = {2001},
  month = {Jun},
  doi = {10.1103/PhysRevD.64.035002},
  url = {http://link.aps.org/doi/10.1103/PhysRevD.64.035002},
  publisher = {American Physical Society}
}

@techreport{CMS-PAS-LUM-13-001,
      title         = "{CMS Luminosity Based on Pixel Cluster Counting - Summer
                       2013 Update}",
      institution   = "CERN",
      collaboration = "CMS",
      address       = "Geneva",
      number        = "CMS-PAS-LUM-13-001",
      year          = "2013",
}

@article{PhysRevD.11.566,
  title = {Left-right gauge symmetry and an 'isoconjugate' model of $\mathrm{CP}$ violation},
  author = {Mohapatra, Rabindra N. and Pati, Jogesh C.},
  journal = {Phys. Rev. D},
  volume = {11},
  issue = {3},
  pages = {566--571},
  year = {1975},
  month = {Feb},
  doi = {10.1103/PhysRevD.11.566},
  url = {http://link.aps.org/doi/10.1103/PhysRevD.11.566},
  publisher = {American Physical Society}
}



@techreport{CMS-AN-049-2012,
      author         = "A. Avetisyan et al.",
      title        = {Search for Wâ€™ boson production in the 
		      top quark decay channel},
      institution  = "CERN",
      address      = "Geneva",
      number       = "CMS-AN-B2G-12-049",
      year         = "2012",
}

@techreport{CMS-PAS-B2G-12-010,
      title         = {Search for narrow t + b resonances in the leptonic final
                       state at sqrt(s) = 8 TeV},
      institution   = "CERN",
      collaboration = "CMS",
      address       = "Geneva",
      number        = "CMS-PAS-B2G-12-010",
      year          = "2013",
}


@article{PhysRevLett.109.081801,
  title = {Search for $tb$ Resonances in Proton-Proton Collisions at $\sqrt{s}\mathbf{=}7\text{\,}\text{\,}\mathrm{TeV}$ with the ATLAS Detector},
  author = "{ATLAS}",
  journal = {Phys. Rev. Lett.},
  volume = {109},
  issue = {8},
  pages = {081801},
  numpages = {19},
  year = {2012},
  month = {Aug},
  doi = {10.1103/PhysRevLett.109.081801},
  url = {http://link.aps.org/doi/10.1103/PhysRevLett.109.081801},
  publisher = {American Physical Society}
}


@article{CompHEP,
      author         = "Boos, E. and others",
      title          = "{CompHEP 4.4: Automatic computations from Lagrangians to
                        events}",
      collaboration  = "CompHEP",
      journal        = "Nucl.Instrum.Meth.",
      volume         = "A534",
      pages          = "250-259",
      doi            = "10.1016/j.nima.2004.07.096",
      year           = "2004",
      eprint         = "hep-ph/0403113",
      archivePrefix  = "arXiv",
      primaryClass   = "hep-ph",
}
@Article{atwlv,
     author    = "{ATLAS Collaboration}",
     title     = "{Search for a heavy gauge boson decaying to a charged lepton and a neutrino in 1$\fbinv$ of pp collisions at $\sqrt{s}$=7 {TeV} using the ATLAS detector}",
     journal   = "Physics Letters B",
     volume    = "705",
     year      = "2011",
     pages     = "28-46",
     doi       = "10.1016/j.physletb.2011.09.093",
}
@Article{cmswlv,
     author    = "{CMS Collaboration}",
     title     = "{Search for a $\wpr$ boson decaying to a muon and a neutrino in pp collisions at $\sqrt{s}$=7 {TeV}}",
     journal   = "Physics Letters B",
     volume    = "701",
     year      = "2011",
     pages     = "160-179",
     doi       = "10.1103/PhysRevLett.100.211803",
     eprint    = "1103.0030",
     archivePrefix = "arXiv",
     SLACcitation  = "%%CITATION = 1103.0030;%%"
} 
@ARTICLE{CMS-PAS-EXO-12-001,
      AUTHOR      = "{CMS Collaboration}",
      COLLABORATION = {CMS},
      TITLE       = "Jet Performance in pp Collisions at $\sqrt{s}$=7 {TeV}",
      URL         = "https://cdsweb.cern.ch/record/1440888",
      JOURNAL     = "CMS Physics Analysis Summary",
      VOLUME      = "CMS-PAS-EXO-12-001",
      YEAR        = "2012"
}
@Article{cmsexp,
     author    = "{CMS Collaboration}",
 collaboration = "{CMS}",
     title     = "{The CMS experiment at the CERN LHC}",
     journal   = "JINST",
     volume    = "3",
     year      = "2008",
     pages     = "S08004",
     doi       = "10.1088/1748-0221/3/08/S08004",
     SLACcitation  = "%%CITATION = JINST,3,S08004;%%"
}

@TECHREPORT{7tevZprime,
      title         = "{Search for BSM $\ttbar$ Production in the Boosted
                       All-Hadronic Final State}",
      institution   = "CERN",
      collaboration = "CMS",
      address       = "Geneva",
      number        = "CMS-PAS-EXO-11-006",
      year          = "2011",
}

@techreport{JME13007,
      title         = "{Boosted Top Jet Tagging at CMS}",
      institution   = "CERN",
      collaboration = "CMS",
      address       = "Geneva",
      number        = "CMS-PAS-JME-13-007",
      year          = "2014",
}

@TECHREPORT{ZP8TeV,
      title         = "{Search for Anomalous Top Quark Pair Production in the
                       Boosted All-Hadronic Final State using pp Collisions at
                       sqrt(s) = 8 TeV}",
      institution   = "CERN",
      collaboration = "CMS",
      address       = "Geneva",
      number        = "CMS-PAS-B2G-12-005",
      year          = "2013",
}

@article{Thaler:2011gf,
      author         = "Thaler, Jesse and Van Tilburg, Ken",
      title          = "{Maximizing Boosted Top Identification by Minimizing
                        N-subjettiness}",
      journal        = "JHEP",
      volume         = "1202",
      pages          = "093",
      doi            = "10.1007/JHEP02(2012)093",
      year           = "2012",
      eprint         = "1108.2701",
      archivePrefix  = "arXiv",
      primaryClass   = "hep-ph",
      reportNumber   = "MIT-CTP-4287",
      SLACcitation   = "%%CITATION = ARXIV:1108.2701;%%",
}
@TECHREPORT{pflow,
      AUTHOR     = "{CMS Collaboration}",
      COLLABORATION = {CMS},
      TITLE       = "Particle-Flow Event Reconstruction in CMS and Performance for Jets, Taus, and Missing ET",
      URL         = "http://cdsweb.cern.ch/record/1194487",
      JOURNAL     = "CMS Physics Analysis Summary",
      VOLUME      = "CMS-PAS-PFT-09-001",
      YEAR        = "2009"
}

@ARTICLE{jec_spring10,
     TITLE="Jet Energy Corrections determination at 7 TeV ",
     COLLABORATION       = "CMS",
     JOURNAL      = "CMS PAS JME-10-010",
     YEAR         = "2010"
     }
@article{JEC2012,
     author = "JetMET Group",
     title = "{Jet Energy Corrections and Uncertainties. Detector Performance Plots for 2012.}",
   %  url = "http://cms.cern.ch/iCMS/jsp/openfile.jsp?type=DP\&year=2012\&files=DP2012_012.pdf"
}

@article{Bourilkov:2006cj,
      author         = "Bourilkov, D and Group, R C and Whalley, M R",
      title          = "{LHAPDF: PDF use from the Tevatron to the LHC}",
      year           = "2006",
      eprint         = "hep-ph/0605240",
      archivePrefix  = "arXiv",
      primaryClass   = "hep-ph",
      SLACcitation   = "%%CITATION = HEP-PH/0605240;%%",
}

@article{btagging,
     author = "B tagging POG",
     title = "{Combination of b-tagging efficiency measurements in 2012 data at 8 TeV pp collision}",
     url = "http://cms.cern.ch/iCMS/jsp/openfile.jsp?tp=draft&files=AN2012_470_v3.pdf"
}
@techreport{CMS-PAS-BTV-13-001,
      title        = "Performance of b tagging at sqrt(s)=8 TeV in multijet,
                      ttbar and boosted topology events",
      institution  = "CERN",
      collaboration = "CMS",
      address      = "Geneva",
      number       = "CMS-PAS-BTV-13-001",
      year         = "2013",
}
@ARTICLE{jetid,
     title="Jet Performance in pp Collisions at $\sqrt{s} = $ 7 TeV",
     COLLABORATION       = "CMS",
     JOURNAL      = "CMS PAS JME-10-003",
     YEAR         = "2010"
     }
@Article{jetarea_fastjet_pu,
     author    = "Cacciari, Matteo and Salam, Gavin P.",
     title     = "{Pileup subtraction using jet areas}",
     journal   = "Phys. Lett. B",
     volume    = "659",
     year      = "2008",
     pages     = "119-126",
     eprint    = "0707.1378",
     archivePrefix = "arXiv",
     primaryClass  =  "hep-ph",
     doi       = "10.1016/j.physletb.2007.09.077",
     SLACcitation  = "%%CITATION = 0707.1378;%%"
}

@Article{jetarea_fastjet,
     author    = "Cacciari, Matteo and Salam, Gavin P. and Soyez, Gregory",
     title     = "{The Catchment Area of Jets}",
     journal   = "JHEP",
     volume    = "04",
     year      = "2008",
     pages     = "005",
     eprint    = "0802.1188",
     archivePrefix = "arXiv",
     primaryClass  =  "hep-ph",
     doi       = "10.1088/1126-6708/2008/04/005",
     SLACcitation  = "%%CITATION = 0802.1188;%%"
}
@ARTICLE{madgraph,
     author    = "Alwall, Johan and others",
     title     = "{MadGraph/MadEvent v4: The New Web Generation}",
     journal   = "JHEP",
     volume    = "09",
     year      = "2007",
     pages     = "028",
     eprint    = "0706.2334",
     archivePrefix = "arXiv",
     primaryClass  =  "hep-ph",
     doi       = "10.1088/1126-6708/2007/09/028",
     SLACcitation  = "%%CITATION = 0706.2334;%%"
}
@Article{CAcambridge,
     author    = "Dokshitzer, Yuri L. and Leder, G. D. and Moretti, S. and
                  Webber, B. R.",
     title     = "{Better Jet Clustering Algorithms}",
     journal   = "JHEP",
     volume    = "08",
     year      = "1997",
     pages     = "001",
     eprint    = "hep-ph/9707323",
     archivePrefix = "arXiv",
     SLACcitation  = "%%CITATION = HEP-PH/9707323;%%"
}
@Article{CAaachen,
     author    = "Wobisch, M. and Wengler, T.",
     title     = "{Hadronization corrections to jet cross sections in deep-
                  inelastic  scattering}",
     year      = "1998",
     eprint    = "hep-ph/9907280",
     archivePrefix = "arXiv",
     SLACcitation  = "%%CITATION = HEP-PH/9907280;%%"
}
@Article{fastjet1,
     author    = "Cacciari, Matteo and Salam, Gavin P.",
     title     = "{Dispelling the N**3 myth for the k(t) jet-finder}",
     journal   = "Phys. Lett. B",
     volume    = "641",
     year      = "2006",
     pages     = "57-61",
     eprint    = "hep-ph/0512210",
     archivePrefix = "arXiv",
     doi       = "10.1016/j.physletb.2006.08.037",
     SLACcitation  = "%%CITATION = HEP-PH/0512210;%%"
}

@article{fastjet2,
      author         = "Cacciari, Matteo and Salam, Gavin P. and Soyez, Gregory",
      title          = "{FastJet User Manual}",
      journal        = "Eur.Phys.J.",
      volume         = "C72",
      pages          = "1896",
      doi            = "10.1140/epjc/s10052-012-1896-2",
      year           = "2012",
      eprint         = "1111.6097",
      archivePrefix  = "arXiv",
      primaryClass   = "hep-ph",
      reportNumber   = "CERN-PH-TH-2011-297",
      SLACcitation   = "%%CITATION = ARXIV:1111.6097;%%",
}

@Article{kfactor,
     author    = "Z. Sullivan",
     title     = "Fully differential W' production and decay to next-to-leading order in QCD",
     journal   = "Phys. Rev.",
     volume    = "D66",
     year      = "2002",
     eprint    = "075011",
     archivePrefix = "arXiv",
     primaryClass  =  "hep-ph",
     doi       = "10.1103/PhysRevD.66.075011"
}

@techreport{catop_cms,
      title         = "{A Cambridge-Aachen (C-A) based Jet Algorithm for boosted
                       top-jet tagging}",
      institution   = "CERN",
      collaboration = "CMS",
      address       = "Geneva",
      number        = "CMS-PAS-JME-09-001",
      year          = "2009",
}
@Article{minuit,
     author    = "F. James and M. Roos.",
     title     = "{Minuit: A System for Function Minimization and
Analysis of the Parameter Errors and Correlations.}",
 journal   = "Comput. Phys. Commun.",
     volume    = "10",
     year      = "1975",
     pages     = "343-367",
}
@TECHREPORT{theta,
      author       = "Muller, Thomas and Ott, Jochen and Wagner-Kuhr, Jeannine",
      title        = "theta - a framework for template-based modeling and
                      inference",
      TYPE = "CMS Internal Note",
      NUMBER = "2010/017",
	year         = "2010",
}
@article{Czakon:1532829,
      author        = "Czakon, Michal and Fiedler, Paul and Mitov, Alexander",
      title         = "{The total top quark pair production cross-section at
                       hadron colliders through O(alpha_S^4)}",
      journal       = "Phys. Rev. Lett.",
      number        = "arXiv:1303.6254. CERN-PH-TH-2013-056. TTK-13-08",
      volume        = "110",
      pages         = "252004. 6 p",
      month         = "Mar",
      year          = "2013",
      note          = "Comments: 6 pages, 4 figures",
}
@techreport{CMS-PAS-TOP-11-003,
      title         = "{Measurement of ttbar Pair Production Cross Section at
                       sqrt(s)=7 TeV using b-quark Jet Identification Techniques
                       in Lepton + Jet Events}",
      institution   = "CERN",
      collaboration = "CMS",
      address       = "Geneva",
      number        = "CMS-PAS-TOP-11-003",
      year          = "2011",
}















@techreport{CMS-PAS-EXO-12-025,
      title         = "{Search for W'/technirho in WZ using leptonic final
                       states}",
      institution   = "CERN",
      collaboration = "CMS",
      address       = "Geneva",
      number        = "CMS-PAS-EXO-12-025",
      year          = "2013",
}

@techreport{CMS-PAS-EXO-12-060,
      title         = "{Search for leptonic decays of W' bosons in pp collisions
                       at sqrt(s)=8 TeV}",
      institution   = "CERN",
      collaboration = "CMS",
      address       = "Geneva",
      number        = "CMS-PAS-EXO-12-060",
      year          = "2013",
}

@article{Abazov2011145,

      author         = "Abazov, Victor Mukhamedovich and others",
      title          = "{Search for $W{^\prime}\rightarrow tb$ resonances with
                        left- and right-handed couplings to fermions}",
      collaboration  = "D0",
      journal        = "Phys.Lett.",
      volume         = "B699",
      pages          = "145-150",
      doi            = "10.1016/j.physletb.2011.03.066",
      year           = "2011",
      eprint         = "1101.0806",
      archivePrefix  = "arXiv",
      primaryClass   = "hep-ex",
      reportNumber   = "FERMILAB-PUB-11-004-E",
      SLACcitation   = "%%CITATION = ARXIV:1101.0806;%%",
}

@article{PhysRevLett.100.211803,
  title = {Search for W' Boson Resonances Decaying to a Top Quark and a Bottom Quark},
  author = "{D0 Collaboration}",
  journal = {Phys. Rev. Lett.},
  volume = {100},
  issue = {21},
  pages = {211803},
  numpages = {7},
  year = {2008},
  month = {May},
  doi = {10.1103/PhysRevLett.100.211803},
  url = {http://link.aps.org/doi/10.1103/PhysRevLett.100.211803},
  publisher = {American Physical Society}
}


@article{PhysRevLett.109.081801,
  title = {Search for $tb$ Resonances in Proton-Proton Collisions at $\sqrt{s}\mathbf{=}7\text{\,}\text{\,}\mathrm{TeV}$ with the ATLAS Detector},
  author = "{ATLAS Collaboration}",
  journal = {Phys. Rev. Lett.},
  volume = {109},
  issue = {8},
  pages = {081801},
  numpages = {19},
  year = {2012},
  month = {Aug},
  doi = {10.1103/PhysRevLett.109.081801},
  url = {http://link.aps.org/doi/10.1103/PhysRevLett.109.081801},
  publisher = {American Physical Society}
}

@article{CMS-DP-2013-033,
      title         = "{8 TeV Jet Energy Corrections and
Uncertainties based on
                       19.8 fb$^{-1}$ of data in CMS}",
      collaboration = "CMS",
      month         = "Oct",
      year          = "2013",
}
@TECHREPORT{7tevZprime,
      title         = "{Search for BSM \ttbar Production in the Boosted
                       All-Hadronic Final State}",
      institution   = "CERN",
      collaboration = "CMS",
      address       = "Geneva",
      number        = "CMS-PAS-EXO-11-006",
      year          = "2011",
}

@article{Tait:2000sh,
      author         = "Tait, Timothy M.P. and Yuan, C.-P.",
      title          = "{Single top quark production as a window to physics
                        beyond the standard model}",
      journal        = "Phys.Rev.",
      volume         = "D63",
      pages          = "014018",
      doi            = "10.1103/PhysRevD.63.014018",
      year           = "2000",
      eprint         = "hep-ph/0007298",
      archivePrefix  = "arXiv",
      primaryClass   = "hep-ph",
      reportNumber   = "ANL-HEP-PR-98-124, CERN-TH-2000-224",
      SLACcitation   = "%%CITATION = HEP-PH/0007298;%%",
}

@article{Aad:2013rna,
	      author         = "Aad, Georges and others",
	      title          = "{Search for single $b^*$-quark production with the ATLAS detector at $\sqrt{s}=7$ TeV}",
	      collaboration  = "The ATLAS",
	      journal        = "Phys.Lett.",
	      volume         = "B721",
	      pages          = "171-189",
	      doi            = "10.1016/j.physletb.2013.03.016",
	      year           = "2013",
	      eprint         = "1301.1583",
	      archivePrefix  = "arXiv",
	      primaryClass   = "hep-ex",
	      reportNumber   = "CERN-PH-EP-2012-344",
	      SLACcitation   = "%%CITATION = ARXIV:1301.1583;%%",
}

@ARTICLE{CMS-AN-14-049,
      AUTHOR      = "Kevin Nash, Petar Maksimovic",
      TITLE       = "{Search for single b*-quark production in the all hadronic final state}",
     % URL         = "cms.cern.ch/iCMS/jsp/openfile.jsp?tp=draft\&files=AN2014_049_v3.pdf",
      JOURNAL     = "CMS Analysis Note",
      VOLUME      = "AN2014/049",
      YEAR        = "2014"
}

@ARTICLE{CMS-AN-14-103,
      AUTHOR      = "Guoming Chen; Xiangwei Meng; Sarmad Shaheen; Huaqiao Zhang and Shihai Zhu",
      TITLE       = "{Search for singly produced b* decaying to Wt in the lepton+jets channel with the CMS detector at √s = 8 TeV}",
    %  URL         = "cms.cern.ch/iCMS/jsp/openfile.jsp?tp=draft\&files=AN2014_103_v3.pdf",
      JOURNAL     = "CMS Analysis Note",
      VOLUME      = "AN2014/103",
      YEAR        = "2014"
}

@ARTICLE{CMS-AN-13-415,
      AUTHOR      = "Rachel Bartek, Freya Blekman, Huaqiao Zhang",
      TITLE       = "{Search for single b*-quark production in the dilepton final state}",
   %   URL         = "cms.cern.ch/iCMS/jsp/openfile.jsp?tp=draft\&files=AN2013_415_v3.pdf",
      JOURNAL     = "CMS Analysis Note",
      VOLUME      = "AN2013/415",
      YEAR        = "2013"
}

